@article{becona2008,
  author    = {Becona, E., and Miguez, C.},
  title     = {Group behavior therapy for smoking cessation.},
  journal   = {Journal of Groups in Addiction \& Recovery},
  year      = {2008},
  doi       = {10.1080/15560350802157528},
}

@article{author2021,
  author  = {Author, B.},
  title   = {Article Title},
  journal = {Journal Name},
  year    = {2021},
  volume  = {45},
  number  = {3},
  pages   = {123--134},
}
